@article{feynmann,
author = {Feynman, Richard},
title = {Simulating Physics with Computers},
journaltitle = {International Journal of Theoretical Physics},
date = {1981-05-07},
url = {https://s2.smu.edu/~mitch/class/5395/papers/feynman-quantum-1981.pdf}
}

@article{neumann,
author = {Miklos Redei},
title = {Why John von Neumann did not Like the Hiblert Space Formalism of Quantum Mechanics (and what he liked instead)},
journaltitle = {Studies in History and Philosophy of Modern Physics},
year = {1996},
month = {12},
doi = {https://doi.org/10.1016/S1355-2198(96)00017-2}
}